<record><leader>00000cas a2200000 a 4500</leader><controlfield tag="001">13365153</controlfield><controlfield tag="008">860331d19041927paudn ne      0    0eng c</controlfield><datafield ind1=" " ind2=" " tag="010"><subfield code="a">sn 86081228 </subfield></datafield><datafield ind1=" " ind2=" " tag="040"><subfield code="a">NPH</subfield><subfield code="b">eng</subfield><subfield code="c">NPH</subfield><subfield code="d">CUI</subfield><subfield code="d">OCLCQ</subfield><subfield code="d">OCLCF</subfield></datafield><datafield ind1=" " ind2=" " tag="042"><subfield code="a">pcc</subfield></datafield><datafield ind1=" " ind2=" " tag="043"><subfield code="a">n-us-pa</subfield></datafield><datafield ind1=" " ind2="4" tag="050"><subfield code="a">AN</subfield></datafield><datafield ind1="0" ind2=" " tag="130"><subfield code="a">Sunbury daily item (Sunbury, Pa. : 1904)</subfield></datafield><datafield ind1="1" ind2="0" tag="245"><subfield code="a">Sunbury daily item.</subfield></datafield><datafield ind1=" " ind2=" " tag="260"><subfield code="a">Sunbury, Pa. :</subfield><subfield code="b">W.R. Rohrbach and Benjamin Apple</subfield></datafield><datafield ind1=" " ind2=" " tag="300"><subfield code="a">v. :</subfield><subfield code="b">ill. ;</subfield><subfield code="c">59-62 cm.</subfield></datafield><datafield ind1=" " ind2=" " tag="310"><subfield code="a">Daily (except Sunday)</subfield></datafield><datafield ind1="1" ind2=" " tag="362"><subfield code="a">Began with Aug. 28, 1904 issue.</subfield><subfield code="z">Cf. Rossell, G. Pa. newspapers.</subfield></datafield><datafield ind1="1" ind2=" " tag="362"><subfield code="a">Ceased in 1927?</subfield></datafield><datafield ind1=" " ind2=" " tag="588"><subfield code="a">Description based on: Vol. 12, no. 99 (Apr. 26, 1905).</subfield></datafield><datafield ind1=" " ind2="0" tag="651"><subfield code="a">Sunbury (Pa.)</subfield><subfield code="v">Newspapers.</subfield></datafield><datafield ind1=" " ind2="7" tag="655"><subfield code="a">Newspapers.</subfield><subfield code="2">fast</subfield><subfield code="0">(OCoLC)fst01423814</subfield></datafield><datafield ind1=" " ind2="7" tag="651"><subfield code="a">Pennsylvania</subfield><subfield code="z">Sunbury.</subfield><subfield code="2">fast</subfield><subfield code="0">(OCoLC)fst01221940</subfield></datafield><datafield ind1=" " ind2=" " tag="752"><subfield code="a">United States</subfield><subfield code="b">Pennsylvania</subfield><subfield code="c">Northumberland</subfield><subfield code="d">Sunbury.</subfield></datafield><datafield ind1="0" ind2="0" tag="780"><subfield code="t">Evening item (Sunbury, Pa.)</subfield><subfield code="w">(DLC)sn 86081227</subfield><subfield code="w">(OCoLC)13365173</subfield></datafield><datafield ind1="0" ind2="0" tag="785"><subfield code="t">Sunbury item</subfield><subfield code="w">(DLC)sn 86081229</subfield><subfield code="w">(OCoLC)13365142</subfield></datafield></record>